@misc{swi-prolog,
  title = {SWI-PROLOG},
  howpublished = {\url{http://www.swi-prolog.org/}},
  note = {Accessed: 2016-11-03}
}

@misc{sicstus-prolog,
  title = {Sicstus},
  howpublished = {\url{sicstus.sics.se}},
  note = {Accessed: 2016-11-02}
}

@BOOK{book1,
   author = {Leon Sterling},
   title= {The Art of Prolog},
   year = "2000",
   publisher = "The MIT Press"
}

@BOOK{book2,
   author = {Delfim Fernando Marado Torres},
   title= {Introdução à programação em lógica},
   year = "2000",
   publisher = "Universidade de Aveiro"
}
